<?xml version="1.0" encoding="UTF-8"?><collection xmlns="http://www.loc.gov/MARC21/slim"><record><leader>00501nam--2200157-i-4500</leader><controlfield tag="001">000013425</controlfield><controlfield tag="002">20161230</controlfield><controlfield tag="005">20161230201030</controlfield><controlfield tag="008">060222s1000------------r-----000-0-eng-d</controlfield><datafield ind1=" " ind2=" " tag="080"><subfield code="a">681.3.012:681.3.01</subfield></datafield><datafield ind1=" " ind2=" " tag="245"><subfield code="a">Applying microprocessors new hardware, software and applications</subfield></datafield><datafield ind1=" " ind2=" " tag="260"><subfield code="a">New York, Mc Grew Hill Publications Co., 1976 Vi + 191 P</subfield></datafield><datafield ind1=" " ind2=" " tag="490"><subfield code="a">Electronics Book Series</subfield></datafield><datafield ind1=" " ind2=" " tag="700"><subfield code="a">Altman, Laurence And Scrupski Stephen E</subfield></datafield><datafield ind1=" " ind2=" " tag="852"><subfield code="a">48754</subfield><subfield code="c">517.9</subfield></datafield><datafield ind1=" " ind2=" " tag="CAT"><subfield code="a">Sys</subfield><subfield code="c">20090318</subfield><subfield code="h">123417</subfield></datafield></record></collection>